@misc{website:w3_rdf_primer,
      author = "W3C",
      title = "RDF Primer",
      month = "March",
      year = 2004,
      howpublished = "\url{http://www.w3.org/TR/rdf-primer/}",
      url = "http://www.w3.org/TR/rdf-primer/"
}
